@inproceedings{mi11,
	  title={Hand detection using multiple proposals.},
		  author={Mittal, Arpit and Zisserman, Andrew and Torr, Philip HS},
			  booktitle={BMVC},
				  pages={1--11},
					  year={2011},
							organization={Citeseer}
}

